@MISC{di94,
    author = {Martin Dietzfelbinger and Anna Karlin and Kurt Mehlhorn and Friedhelm Meyer auf der Heide and Hans Rohnert and Robert E. Tarjan},
    title = {Dynamic Perfect Hashing: Upper and Lower Bounds},
    year = {1994}
}

@book{mesa08,
  Author = {Kurt Mehlhorn and Peter Sanders},
  Title = {Algorithms and Data Structures: The Basic Toolbox},
  Publisher = {Springer},
  Year = {2008},
  ISBN = {3540779779}
}